%-----------------------EJEMPLO PAGINA WEB----------------------%
@online{ANSI2020Acoustical,
    author={Alexandra Schirn},
    title={ANSI/ASA S12.60/Part 1-2010 (R2020): Acoustical Performance},
    year={2023},
    url={https://blog.ansi.org/ansi/ansi-asa-s12-60-part-1-2010-r2020-school-acoustics/}
}

@online{Svantek2025MonitoreoDelRuido,
    author={SVANTEK},
    title={Monitoreo del ruido},
    year={2025},
    url={https://svantek.com/es/academia/monitoreo-del-ruido/}
}

@online{MDN2025,
    author={MDN Web Docs},
    title={Websockets},
    year={2025},
    url={https://developer.mozilla.org/es/docs/Web/API/WebSockets_API}
}

@online{AdvanceTech2024,
    author={Advance Tech},
    title = {Sistema de monitoreo de ruido - Usos y beneficios},
    year={2024},
    url={https://adrtechindia-com.translate.goog/noise-monitoring-system-uses-and-benefits/?_x_tr_sl=en&_x_tr_tl=es&_x_tr_hl=es&_x_tr_pto=tc}
}

@online{scrum2021,
  title        = {Qué es SCRUM},
  author       = {{Proyectos Ágiles}},
  year         = {2021},
  month        = {9},
  day          = {20},
  url          = {https://proyectosagiles.org/que-es-scrum/},
  note         = {Consultado el 12 de septiembre de 2025}
}


@techreport{epacartagena2015,
    author={EPA Cartagena},
    title={Lineamientos de ruido. Tomo V},
    institution={Observatorio Ambiental de Cartagena},
    year={2015},
    url={https://observatorio.epacartagena.gov.co/ftp-uploads/dt-tomo-v-lineamientos-de-ruido-20151312.pdf},
    note={Documento en formato PDF},
}

@techreport{duque2023,
    author = {Francisco Javier Duque Aldaz and Jaime Patricio Fierro Aguilar and Hugo Alfredo Pérez Benítez and Galo Wilfrido Tobar Farías},
    title = {Afectación del ruido ambiental a Instituciones
Educativas; conjunto de acciones desde la Participación
Ciudadana y Centros Educativos},
    institution = {Universidad de Guayaquil},
    year = {2023}
}

@online{WHO2022,
  author    = {{World Health Organization}},
  title     = {La {{OMS}} publica una nueva norma para hacer frente a la creciente amenaza de la pérdida de audición},
  date      = {2022-03-02},
  url       = {https://www.who.int/es/news/item/02-03-2022-who-releases-new-standard-to-tackle-rising-threat-of-hearing-loss},
  urldate   = {2025-09-10} % fecha en que accediste al sitio
}

@misc{nti_ruido_sinf,
  author       = {{NTi Audio}},
  title        = {¿Qué es el ruido y cómo se puede combatir?},
  howpublished = {\url{https://www.nti-audio.com/es/servicio/conocimientos/-que-es-el-ruido-y-como-se-puede-combatir}},
  year         = {n.d.},
  note         = {Consultado el día \today}
}



%-------------------EJEMPLO ARTICULO CIENTIFICO------------------%
@article{barca2015ventajas,
  title={ejemplo},
  author={ejemplo},
  journal={ejemplo},
  number={2},
  pages={137--147},
  year={2015},
  publisher={ejemplo}
}
@article{alvarez2017contaminacion,
  author    = {Álvarez, I. A. and Martínez, J. M. and Pérez, L. D. and Figueroa, F. A. and de Armas Mestre, J. and Llop, M. L. R.},
  title     = {Contaminación ambiental por ruido},
  journal   = {Revista médica electrónica},
  year      = {2017},
  volume    = {39},
  number    = {3},
  pages     = {640--649}
}

@article{gomez2007efectos,
  author    = {Gómez, S. S.},
  title     = {Efectos de la contaminación acústica sobre la salud},
  journal   = {Revista de Salud Ambiental},
  year      = {2007},
  volume    = {7},
  number    = {2},
  pages     = {175--180}
}

@article{alfaro2020ruido,
  author    = {Alfaro-Rojas, D. and Portuguez-Brenes, I. and Perdomo-Velázquez, H. and Vargas-Masís, R.},
  title     = {Ruido ambiental en áreas verdes urbanas y periurbanas de una microcuenca en Heredia, Costa Rica},
  journal   = {Cuadernos de Investigación UNED},
  year      = {2020},
  volume    = {12},
  number    = {2},
  pages     = {419--432}
}


%-------------------------EJEMPLO TESIS--------------------------%
@mastersthesis{marcelo2009ruido,
  author={Lucic Oliva, Yerko Damián},
  title={El ruido como problema en el aprendizaje: personalización masiva, modelamiento paramétrico y diseño generativo enfocados al desarrollo de paneles acústicos para salas de clase},
  school={Universidad de Chile},
  year={2009},
  url={https://repositorio.uchile.cl/handle/2250/100197}
}

@tesis{carpio2025,
    author={Carpio, Tito Erick and Carranza, Xiomara Alejandra and Flores, Bryan Salvador and Rodríguez, Fernando Andrés },
    title={Sistema de monitoreo de ruido en edificio Jon de Cortina},
    type={Trabajo de graduación de Ingeniería },
    school={Universidad Centroamericana José Simeón Cañas},
    year={2025},
    note={Tesis de pregrado}
}

@phdthesis{lucic2009ruido,
  author       = {Lucic Oliva, Yerko Damián},
  title        = {El ruido como problema en el aprendizaje: personalización masiva, modelamiento paramétrico y diseño generativo enfocados al desarrollo de paneles acústicos para salas de clase},
  year         = {2009},
  school       = {Universidad de Chile},
  address      = {Santiago, Chile},
  url          = {https://repositorio.uchile.cl/handle/2250/100197}
}
